% This file was created with JabRef 2.10.
% Encoding: UTF-8


@Article{samuel,
	Title                    = {Some Studies in Machine Learning Using the Game of Checkers},
	Author                   = {A. L. Samuel},
	Journal                  = {IBM Journal of Research and Development(Volume: 3, Issue: 3)},
	Year                     = {1959}
}

@Book{mitchell,
	Title                    = {Machine Learning},
	Author                   = {T. M. Mitchell},
	Publisher                = {McGraw-Hill, Inc.},
	Year                     = {1997},
	
	ISBN                     = {9780070428072},
}

@Book{hands_on,
	Title                    = {Hands-On Machine Learning with Scikit-Learn and TensorFlow},
	Author                   = {A. Géron},
	Publisher                = {O'Reilly Media},
	Year                     = {2017},
	
	ISBN                     = {9781491962299},
}

@Book{python_ml,
	Title                    = {Python Machine Learning},
	Author                   = {S. Raschka},
	Publisher                = {Packt Publishing},
	Year                     = {2015},
	
	ISBN                     = {9781789955750},
}

@Book{cichosz,
	Title                    = {Systemy uczące się},
	Author                   = {P. Cichosz},
	Publisher                = {Wydawnictwo Naukowo-Techniczne},
	Year                     = {2000},
	
	ISBN                     = {9788320425444},
}

@Article{turing,
	Title                    = {Computing Machinery and Inteligence},
	Author                   = {A. M. Turing},
	Journal                  = {Mind(Volume: LIX, Issue: 236)},
	Year                     = {1950}
}

@Article{lovelace,
	Title                    = {Sketch of the Analytical Engine invented by Charles Babbage... with notes by the translator. Translated by Ada Lovelace},
	Author                   = {A. Lovelace and L. F. Menabrea},
	Journal                  = {Scientific Memoirs},
	Year                     = {1843}
}

@Article{menabrea,
	Title                    = {Sketch of the Analytical Engine invented by Charles Babbage},
	Author                   = {L. F. Menabrea},
	Journal                  = {Bibliothèque Universelle de Genève, No. 82},
	Year                     = {1842}
}

@Article{big_data,
	Title                    = {Big data analytics},
	Author                   = {S. Singh and N. Singh},
	Journal                  = {Communication, Information Computing Technology (ICCICT)},
	Year                     = {2012}
}

@Article{mashey,
	Title                    = {Big Data... and the Next Wave of InfraStress},
	Author                   = {J. R. Mashey},
	Journal                  = {Slides from invited talk.},
	Year                     = {1998}
}

@Article{laney,
	Title                    = {3D data management: Controlling data volume, velocity, and variety},
	Author                   = {D. Laney},
	Journal                  = {tech. rep., META Group},
	Year                     = {2001}
}

@Article{iot,
	Title                    = {From Machineto-Machine to the Internet of Things: Introduction to a New Age of Intelligence},
	Author                   = {J. Holler and V. Tsiatsis and C. Mulligan and S. Avesand and S. Karnouskos and D. Boyle},
	Journal                  = {Academic Press},
	Year                     = {2014}
}

@Article{piczak,
	Title                    = {Klasyfikacja dźwięku za pomocą splotowych sieci neuronowych},
	Author                   = {K. Piczak},
	Journal                  = {Prasa akademicka},
	Year                     = {2018}
}

@Article{lecun,
	Title                    = {Backpropagation Applied to Handwritten Zip Code Recognition},
	Author                   = {Y. LeCun and B. Boser and J. S. Denker and D. Henderson and R. E. Howard and W. Hubbard and L. D. Jackel},
	Journal                  = {Neural Computation },
	Year                     = {1989}
}

@Book{deep,
	Title                    = {Deep Learning with Python},
	Author                   = {F. Chollet},
	Publisher                = {Manning Publications},
	Year                     = {2017},
	
	ISBN                     = {9781617294433},
}

@Article{hinton,
	Title                    = {Reducing the Dimensionality of Data with Neural Networks},
	Author                   = {G.E. Hinton and R.R. Salakhutdinov},
	Journal                  = {Neural Computation},
	Year                     = {2006}
}

@Article{imagenet,
	Title                    = {ImageNet Large Scale Visual Recognition Challenge},
	Author                   = {O. Russakovsky and J. Deng and H. Su and J. Krause and S. Satheesh and S, Ma and Z. Huang and A. Karpathy and A. Khosla and M. Bernstein and A. C. Berg and L. Fei-Fei},
	Journal                  = {International Journal of Computer Vision},
	Year                     = {2015}
}

@Book{forensics,
	Title                    = {Photo Forensics},
	Author                   = {H. Farid},
	Publisher                = {MIT Press},
	Year                     = {2016},
	
	ISBN                     = {9780262537001},
}

@Article{fingerprints,
	Title                    = {Digital Image Forensics via Intrinsic Fingerprints},
	Author                   = {A. Swaminathan and M. Wu and K. J. Ray Liu},
	Journal                  = {IEEE transactions on information forensics and security},
	Year                     = {2008}
}

@Article{goljan,
	Title                    = {CFA-aware Features for Steganalysis of Color Images},
	Author                   = {M. Goljan and J. Fridrich},
	Journal                  = {Proceedings of SPIE - The International Society for Optical Engineering},
	Year                     = {2015}
}

@Article{poggi,
	Title                    = {Splicebuster: a new blind image splicing detector},
	Author                   = {D. Cozzolino and G. Poggi and L. Verdoliva},
	Journal                  = {IEEE International Workshop on information forensics and security},
	Year                     = {2015}
}

@Article{hacker,
	Title                    = {A picture’s worth...},
	Author                   = {N. Krawetz},
	Journal                  = {Hacker Factor Solutions},
	Year                     = {2007}
}

@Article{oczko,
	Title                    = {Detection of misaligned cropping and recompression with the same quantization matrix and relevant forgery},
	Author                   = {Q. Liu},
	Journal                  = {ACM workshop on Multimedia in forensics and intelligence},
	Year                     = {2011}
}

@Article{lstm,
	Title                    = {Exploiting Spatial Structure for Localizing Manipulated Image Regions},
	Author                   = {J. H. Bappy and A. K. Roy-Chowdhury and J. Bunk and L. Nataraj and B.S. Manjunath},
	Journal                  = {IEEE International Conference on Computer Vision},
	Year                     = {2017}
}

@Article{auto,
	Title                    = {Image Region Forgery Detection: A Deep Learning Approach},
	Author                   = {Y. Zhang and J. Goh and L. Win and V. Thing},
	Journal                  = {Proceedings of the Singapore Cyber-Security Conference},
	Year                     = {2016}
}

@Article{casia,
	Title                    = {Casia image tampering detection evaluation database},
	Author                   = {J. Dong and W. Wang and T. Tan},
	Journal                  = {IEEE China Summit and International Conference on Signal and Information Processing},
	Year                     = {2013}
}

@Article{ps,
	Title                    = {The PS-Battles Dataset - an Image Collection for Image Manipulation Detection},
	Author                   = {S. Heller and L. Rossetto and H. Schuldt},
	Journal                  = {Computing Research Repository},
	Year                     = {2018}
}

@Book{stata,
	Title                    = {Prawdopodobieństwo i miara},
	Author                   = {P. Billingsley},
	Publisher                = {Wydawnictwo Naukowe PWN},
	Year                     = {2009},
	
	ISBN                     = {9788301159597},
}

@Book{pca,
	Title                    = {Principles of Multivariate Analysis},
	Author                   = {Wojtek Krzanowski},
	Publisher                = {OUP Oxford},
	Year                     = {2000},
	
	ISBN                     = {9780198507086},
}